<record xmlns="http://www.openarchives.org/OAI/2.0/" xmlns:xsi="http://www.w3.org/2001/XMLSchema-instance">
  <header>
    <identifier>oai:alma.41SLSP_NETWORK:991171841354805501</identifier>
    <datestamp>2020-04-02T12:42:18Z</datestamp>
    <setSpec>oai_rnv</setSpec>
    <setSpec>slsp_mongodb</setSpec>
  </header>
  <metadata>
    <record xmlns="http://www.loc.gov/MARC21/slim" xmlns:xsi="http://www.w3.org/2001/XMLSchema-instance" xsi:schemaLocation="http://www.loc.gov/MARC21/slim http://www.loc.gov/standards/marcxml/schema/MARC21slim.xsd">
      <leader>00751naa a2200217 c 4500</leader>
      <controlfield tag="005">20240202142455.0</controlfield>
      <controlfield tag="008">240129s1888    sz      o     000 0 ger d</controlfield>
      <controlfield tag="001">991171841354805501</controlfield>
      <datafield tag="040" ind1=" " ind2=" ">
        <subfield code="a">CH-ZuSLS UZB ZB</subfield>
        <subfield code="b">ger</subfield>
        <subfield code="e">rda</subfield>
      </datafield>
      <datafield tag="245" ind1="0" ind2="0">
        <subfield code="a">Professor Salomon V&#246;gelin</subfield>
      </datafield>
      <datafield tag="336" ind1=" " ind2=" ">
        <subfield code="b">txt</subfield>
        <subfield code="2">rdacontent</subfield>
      </datafield>
      <datafield tag="337" ind1=" " ind2=" ">
        <subfield code="b">c</subfield>
        <subfield code="2">rdamedia</subfield>
      </datafield>
      <datafield tag="338" ind1=" " ind2=" ">
        <subfield code="b">cr</subfield>
        <subfield code="2">rdacarrier</subfield>
      </datafield>
      <datafield tag="506" ind1="0" ind2=" ">
        <subfield code="a">Open access</subfield>
        <subfield code="f">Unrestricted online access</subfield>
        <subfield code="2">star</subfield>
      </datafield>
      <datafield tag="600" ind1="1" ind2="7">
        <subfield code="a">V&#246;gelin, Friedrich Salomon</subfield>
        <subfield code="d">1837-1888</subfield>
        <subfield code="2">gnd</subfield>
        <subfield code="0">(DE-588)118967142</subfield>
      </datafield>
      <datafield tag="655" ind1=" " ind2="7">
        <subfield code="a">Nachruf</subfield>
        <subfield code="2">gnd-content</subfield>
      </datafield>
      <datafield tag="773" ind1="0" ind2=" ">
        <subfield code="t">Neue Z&#252;rcher Zeitung</subfield>
        <subfield code="g">18. Oktober 1888, erstes Blatt, Seiten 1-2</subfield>
        <subfield code="w">994330000001277539</subfield>
      </datafield>
      <datafield tag="900" ind1=" " ind2=" ">
        <subfield code="a">Stoppsignal FRED</subfield>
        <subfield code="x">UZB/Z01/202401</subfield>
      </datafield>
      <datafield tag="900" ind1=" " ind2=" ">
        <subfield code="a">OK_GND</subfield>
        <subfield code="x">UZB/Z01/202401/schwc</subfield>
      </datafield>
      <datafield tag="988" ind1=" " ind2=" ">
        <subfield code="c">nicoleta.peyer@zb.uzh.ch######41SLSP_UZB</subfield>
        <subfield code="f">41SLSP_NETWORK</subfield>
        <subfield code="i">marc21</subfield>
        <subfield code="l">51</subfield>
        <subfield code="k">01</subfield>
        <subfield code="e">false</subfield>
        <subfield code="d">2024-02-02 14:24:56 Europe/Zurich</subfield>
        <subfield code="g">991171841354805501</subfield>
        <subfield code="j">20</subfield>
        <subfield code="a">christoph.schwarz@zb.uzh.ch######41SLSP_UZB</subfield>
        <subfield code="b">2024-01-30 11:38:48 Europe/Zurich</subfield>
      </datafield>
    </record>
  </metadata>
</record>
